@inproceedings{langley00,
 author    = {P. Langley},
 title     = {Crafting Papers on Machine Learning},
 year      = {2000},
 pages     = {1207--1216},
 editor    = {Pat Langley},
 booktitle     = {Proceedings of the 17th International Conference
              on Machine Learning (ICML 2000)},
 address   = {Stanford, CA},
 publisher = {Morgan Kaufmann}
}

@TechReport{mitchell80,
  author = 	 "T. M. Mitchell",
  title = 	 "The Need for Biases in Learning Generalizations",
  institution =  "Computer Science Department, Rutgers University",
  year = 	 "1980",
  address =	 "New Brunswick, MA",
}

@phdthesis{kearns89,
  author = {M. J. Kearns},
  title =  {Computational Complexity of Machine Learning},
  school = {Department of Computer Science, Harvard University},
  year =   {1989}
}

@Book{MachineLearningI,
  editor = 	 "R. S. Michalski and J. G. Carbonell and T.
		  M. Mitchell",
  title = 	 "Machine Learning: An Artificial Intelligence
		  Approach, Vol. I",
  publisher = 	 "Tioga",
  year = 	 "1983",
  address =	 "Palo Alto, CA"
}

@Book{DudaHart2nd,
  author =       "R. O. Duda and P. E. Hart and D. G. Stork",
  title =        "Pattern Classification",
  publisher =    "John Wiley and Sons",
  edition =      "2nd",
  year =         "2000"
}

@misc{anonymous,
  title= {Suppressed for Anonymity},
  author= {Author, N. N.},
  year= {2020}
}

@InCollection{Newell81,
  author =       "A. Newell and P. S. Rosenbloom",
  title =        "Mechanisms of Skill Acquisition and the Law of
                  Practice", 
  booktitle =    "Cognitive Skills and Their Acquisition",
  pages =        "1--51",
  publisher =    "Lawrence Erlbaum Associates, Inc.",
  year =         "1981",
  editor =       "J. R. Anderson",
  chapter =      "1",
  address =      "Hillsdale, NJ"
}


@Article{Samuel59,
  author = 	 "A. L. Samuel",
  title = 	 "Some Studies in Machine Learning Using the Game of
		  Checkers",
  journal =	 "IBM Journal of Research and Development",
  year =	 "1959",
  volume =	 "3",
  number =	 "3",
  pages =	 "211--229"
}

@online{AI-compute18,
author={OpenAI},
title={{AI} and Compute},
year={2018},
url={https://openai.com/blog/ai-and-compute/},
note={accessed: 2021-01-16},
}

@online{heilmeier,
author={{DARPA}},
title={The {Heilmeier} Catechism},
url={https://www.darpa.mil/work-with-us/heilmeier-catechism}, 
note={accessed: 2021-01-16},
}

@article{hall2012open,
  title={Open data and charities},
  author={Hall, Wendy and Shadbolt, Nigel and Tiropanis, Thanassis and O'Hara, Kieron and Davies, Tim},
  year={2012},
  publisher={Nominet Trust}
}

@article{romanillos2016big,
  title={Big data and cycling},
  author={Romanillos, Gustavo and Zaltz Austwick, Martin and Ettema, Dick and De Kruijf, Joost},
  journal={Transport Reviews},
  volume={36},
  number={1},
  pages={114--133},
  year={2016},
  publisher={Taylor \& Francis}
}

@inproceedings{rogers2000counting,
  title={Counting bicycles using computer vision},
  author={Rogers, Scott and Papanikolopoulos, Nikolaos P},
  booktitle={ITSC2000. 2000 IEEE Intelligent Transportation Systems. Proceedings (Cat. No. 00TH8493)},
  pages={33--38},
  year={2000},
  organization={IEEE}
}
 
@article{romanillos2016big,
  title={Big data and cycling},
  author={Romanillos, Gustavo and Zaltz Austwick, Martin and Ettema, Dick and De Kruijf, Joost},
  journal={Transport Reviews},
  volume={36},
  number={1},
  pages={114--133},
  year={2016},
  publisher={Taylor \& Francis}
}

@misc{fishman2016cycling,
  title={Cycling as transport},
  author={Fishman, Elliot},
  year={2016},
  publisher={Taylor \& Francis}
}
@article{hong2020evaluation,
  title={The evaluation of large cycling infrastructure investments in Glasgow using crowdsourced cycle data},
  author={Hong, Jinhyun and McArthur, David Philip and Livingston, Mark},
  journal={Transportation},
  volume={47},
  number={6},
  pages={2859--2872},
  year={2020},
  publisher={Springer}
}

@article{jestico2016mapping,
  title={Mapping ridership using crowdsourced cycling data},
  author={Jestico, Ben and Nelson, Trisalyn and Winters, Meghan},
  journal={Journal of transport geography},
  volume={52},
  pages={90--97},
  year={2016},
  publisher={Elsevier}
}

@article{musakwa2016mapping,
  title={Mapping cycling patterns and trends using Strava Metro data in the city of Johannesburg, South Africa},
  author={Musakwa, Walter and Selala, Kadibetso M},
  journal={Data in brief},
  volume={9},
  pages={898--905},
  year={2016},
  publisher={Elsevier}
}

@article{roy2019correcting,
  title={Correcting bias in crowdsourced data to map bicycle ridership of all bicyclists},
  author={Roy, Avipsa and Nelson, Trisalyn A and Fotheringham, A Stewart and Winters, Meghan},
  journal={Urban Science},
  volume={3},
  number={2},
  pages={62},
  year={2019},
  publisher={Multidisciplinary Digital Publishing Institute}
}

@article{hochmair2019estimating,
  title={Estimating bicycle trip volume for Miami-Dade county from Strava tracking data},
  author={Hochmair, Hartwig H and Bardin, Eric and Ahmouda, Ahmed},
  journal={Journal of transport geography},
  volume={75},
  pages={58--69},
  year={2019},
  publisher={Elsevier}
}

@book{hassoun1995fundamentals,
  title={Fundamentals of artificial neural networks},
  author={Hassoun, Mohamad H and others},
  year={1995},
  publisher={MIT press}
}

@article{graves2013generating,
  title={Generating sequences with recurrent neural networks},
  author={Graves, Alex},
  journal={arXiv preprint arXiv:1308.0850},
  year={2013}
}
